@book{Abramowitz1972,
	author = {Abramowitz, M. and Stegun, I. A.},
	title = {{Handbook of Mathematical Functions with Formulas,
	Graphs, and Mathematical Tables}},
	publisher = {New York: Dover Publications},
	year = {1972}
}
