@book{James:2014:ISL:2517747,
 author = {James, Gareth and Witten, Daniela and Hastie, Trevor and Tibshirani, Robert},
 title = {An Introduction to Statistical Learning: With Applications in R},
 year = {2014},
 isbn = {1461471370, 9781461471370},
 publisher = {Springer Publishing Company, Incorporated},
} 