@article{Bartlett1957,
	author = {Bartlett, M. S.},
	journal = {Biometrika},
	number = {3},
	pages = {533--534},
	title = {{A comment on D.V. Lindley's statistical paradox}},
	volume = {44},
	year = {1957}
}
