@article{Bayarri2007,
	author = {M. J. Bayarri and Gonzalo Garc\'{i}a-Donato},
	journal = {Biometrika},
	number = {1},
	pages = {135-152},
	publisher = {[Oxford University Press, Biometrika Trust]},
	title = {Extending Conventional Priors for Testing General Hypotheses in Linear Models},
	volume = {94},
	year = {2007}
}
