@article{Berger1998,
	author = {Berger, J. O. and Pericchi, L. R. and Varshavsky, J. A.},
	journal = {Sankhy\={a}: The Indian Journal of Statistics, Series A},
	number = {3},
	pages = {307--321},
	publisher = {Springer},
	title = {Bayes factors and marginal distributions in invariant situations},
	volume = {60},
	year = {1998}
}
