@Manual{Bove2013,
	title = {appell: Compute Appell's F1 hypergeometric function},
	author = {Bov\'e, D. S. and Colavecchia, F. D. and Forrey, R. C. and Gasaneo, G. and Michel, N. L. J.  and Shampine, L. F.  and Stoitsov, M. V.  and Watts, H. A.},
	year = {2013},
	note = {R package version 0.0-4},
	url = {https://CRAN.R-project.org/package=appell},
}
