% references.bib
@article{wand02,
	author = "Matt Wand",
	title = "Vector Differential Calculus in Statistics",
	year = "2002",
	journal = "The American Statistician",
	volume = "56",
	number = "1"
}

@article{ormerod10,
	author = "J. T. Ormerod and M. P. Wand",
	title = "Explaining Variational Approximatons",
	year = "2010",
	journal = "The American Statistician",
	volume = "64",
	number = "2"
}

@article{ormerod09,
	author = "J. T. Ormerod and M. P. Wand",
	title = "Gaussian Variational Approximate Inference for Generalized Linear Mixed Models",
	year = "2009",
	journal = "???",
	volume = "???",
	number = "???"
}

@article{zhao06,
	author = "Y. Zhao, J. Staudenmayer, B. A. Coull and M. P. Wand",
	title = "General Design Bayesian Generalized Linear Mixed Models",
	year = "2006",
	journal = "Statistical Science",
	volume = "21",
	number = "1"
}