@Manual{Clyde2017,
	title = {BAS: Bayesian Adaptive Sampling for Bayesian
	Model Averaging},
	author = {Merlise Clyde},
	year = {2017},
	note = {R package version 1.4.4},
}
