@Manual{Croissant2016,
	title = {Ecdat: Data Sets for Econometrics},
	author = {Yves Croissant},
	year = {2016},
	note = {R package version 0.3-1},
	url = {https://CRAN.R-project.org/package=Ecdat},
}
