@book{Gradshteyn2007,
author = {Gradshteyn, I.S. and Ryzhik, I.M.},
title = {Tables of Integrals, Series, and Products},
publisher = {Academic Press},
editors = {Jeffrey, A. and Zwillinger, D.},
year = {2007}
}
