@Article{Hankin2006,
	title = {{Special functions in R: introducing the gsl package}},
	author = {Robin K. S. Hankin},
	journal = {R News},
	year = {2006},
	month = {October},
	volume = {6},
	issue = {4},
}

