@book{MacKay:2002:ITI:971143,
 author = {MacKay, David J. C.},
 title = {Information Theory, Inference \& Learning Algorithms},
 year = {2002},
 isbn = {0521642981},
 publisher = {Cambridge University Press},
 address = {New York, NY, USA},
} 
