@book{Johnson1995,
	author = {Johnson, N. L. and Kotz, S. and Balakrishnan, N.},
	title = {Continuous Univariate Distributions, Volume 2 (2nd Edition)},
	year = {1995},
	publisher = {Wiley}
}
