@article{Kass1995b,
	author = {Robert E. Kass  and  Larry   Wasserman},
	title = {{A reference Bayesian test for nested hypotheses and its relationship to the Schwarz criterion}},
	journal = {Journal of the American Statistical Association},
	volume = {90},
	number = {431},
	pages = {928--934},
	year = {1995}
}
