@article{Lindley1957,
	author = {Lindley, D. V.},
	journal = {Biometrika},
	pages = {187--192},
	title = {{A statistical paradox}},
	volume = {44},
	year = {1957}
}
