@book{Murphy:2012:MLP:2380985,
 author = {Murphy, Kevin P.},
 title = {Machine Learning: A Probabilistic Perspective},
 year = {2012},
 isbn = {0262018020, 9780262018029},
 publisher = {The MIT Press},
} 
