@Book{,
   title = {Modern Applied Statistics with S},
   author = {W. N. Venables and B. D. Ripley},
   publisher = {Springer},
   edition = {Fourth},
   address = {New York},
   year = {2002},
   note = {ISBN 0-387-95457-0},
   url = {http://www.stats.ox.ac.uk/pub/MASS4},
}
