@book{Golub:1996:MC:248979,
 author = {Golub, Gene H. and Van Loan, Charles F.},
 title = {Matrix Computations (4th Ed.)},
 year = {2013},
 isbn = {978-1-4214-0794-4},
 publisher = {Johns Hopkins University Press},
 address = {Baltimore, MD, USA},
} 
