@book{zuur_mixed_2009,
  added-at = {2017-01-09T13:57:26.000+0100},
  address = {New York, NY},
  author = {Zuur, Alain F. and Ieno, Elena N. and Walker, Neil and Saveliev, Anatoly A. and Smith, Graham M.},
  biburl = {http://www.bibsonomy.org/bibtex/222f9593548300db0f2361584020a3dd7/yourwelcome},
  interhash = {a01ec8a7fe8149c1cb73d06d31e5b472},
  intrahash = {22f9593548300db0f2361584020a3dd7},
  isbn = {978-0-387-87457-9},
  keywords = {imported},
  publisher = {Springer New York},
  series = {Statistics for {Biology} and {Health}},
  timestamp = {2017-01-09T14:01:11.000+0100},
  title = {Mixed effects models and extensions in ecology with {R}},
  url = {http://www.springerlink.com/index/10.1007/978-0-387-87458-6},
  year = 2009
}


