@book{Claeskens:1251912,
      author        = "Claeskens, Gerda and Hjort, Nils Lid",
      title         = "{Model selection and model averaging}",
      publisher     = "Cambridge Univ. Press",
      address       = "Leiden",
      series        = "Cambridge Series in Statistical and Probabilistic
                       Mathematics",
      year          = "2008",
      url           = "https://cds.cern.ch/record/1251912",
}