@book{trefethen97,
  added-at = {2010-09-19T02:35:23.000+0200},
  author = {Trefethen, Lloyd N. and Bau, David},
  biburl = {http://www.bibsonomy.org/bibtex/2e45a2ed5ccc6dc12721cde613217c222/ytyoun},
  interhash = {1e7e7a44cbff3092be50a71fe056c8ec},
  intrahash = {e45a2ed5ccc6dc12721cde613217c222},
  isbn = {0898713617},
  keywords = {eigenvalues linear.algebra matrix numerical numerical.analysis secular.equation textbook},
  publisher = {SIAM},
  timestamp = {2016-10-21T02:46:26.000+0200},
  title = {Numerical Linear Algebra},
  year = 1997
}
