@unpublished{OrmerodEtal2017,
	author = {Ormerod, J. T. and Stewart, M. and Yu, W. and Romanes, S. E.},
	title = {Bayesian hypothesis tests with diffuse priors: 
	Can we have our  cake and eat it too?},
	year = {2017}
}
