@Article{Pearson2017,
	author="Pearson, John W.
	and Olver, Sheehan
	and Porter, Mason A.",
	title="Numerical methods for the computation of the confluent and Gauss hypergeometric functions",
	journal="Numerical Algorithms",
	year="2017",
	volume="74",
	number="3",
	pages="821--866"
}
