@article{pitman_1936, title={Sufficient statistics and intrinsic accuracy}, volume={32}, DOI={10.1017/S0305004100019307}, number={4}, journal={Mathematical Proceedings of the Cambridge Philosophical Society}, publisher={Cambridge University Press}, author={Pitman, E. J. G.}, year={1936}, pages={567â€“579}}