@book{PressEtal2007,
	author = {Press, William H. and Teukolsky, Saul A. and Vetterling, William T. and Flannery, Brian P.},
	title = {Numerical Recipes in C (3rd Ed.): The Art of Scientific Computing},
	year = {2007},
	publisher = {Cambridge University Press},
	address = {New York, NY, USA}
} 
