% Template.
@book{Thecowsoutside1984,
author = {Clyde Clyde Thecowsoutside},
title  = {A Load of Dingos' Kidneys},
publisher = {Flybynight Press},
address = {Kabul, Afghanistan},
year = {1984}
}

@article{Mingdinkler1999,
author = {Melvin Q. Mingdinkler},
title = {The velocity of a bandwagon: 3/5 of a mile in 10 seconds},
journal = {Journal of Irreproducible Results},
volume = {42},
year = {1999},
pages = {1817--1869}
}

@book{Dick1971,
author = {Philip K. Dick},
title  = {A Maze of Death},
publisher = {Paperback Library Edition},
address = {New York},
year = {1971}
}

@book{Dick1968,
author = {Philip K. Dick},
title  = {Do Androids Dream of Electric Sheep?},
publisher = {Random House (Del Rey Books)},
address = {New York},
year = {1968}
}

@misc{Firesign1970,
author = {{The Firesign Theatre}},
title = {Don't {C}rush that {D}warf, {H}and me the {P}liers},
howpublished = {LP, CD recording},
note = {LP Columbia PC30102, CD Mobile Fidelity MFCD 880},
url = {firesigntheatre.com},
year = {1970}
}

@book{Adams1979,
author          ={Douglas Adams},
title           ={The Hitch Hiker's Guide to the Galaxy},
year            ={1979},
publisher       ={Pan Books},
address         ={London}
}

@book{KopkaDaly2003,
author = {H. Kopka and P. W. Daly},
title = {A Guide to \textup{\LaTeX}},
edition = {4th},
publisher = {Addison-Wesley},
address = {Reading, MA},
year = {2003}
}

@book{Lamport1994,
author = {L. Lamport},
title = {\textup{\LaTeX}: A Document Preparation System},
edition = {2nd},
publisher = {Addison-Wesley},
address = {Reading, MA},
year = {1994}
}

@book{MittelbachGoossens2004,
author = {F. Mittelbach and M. Goossens},
year = {2004},
title = {The \textup{\LaTeX} Companion},
edition = {2nd},
address = {Reading, MA},
publisher = {Addison-Wesley}
}

@article{Coyote2001,
author = {Wile E. Coyote},
title = {Road runners {I} have pursued},
year = {2001},
volume = {42},
journal = {Journal of Frustration},
pages = {46--1976}
}

@article{Coyote2007,
author = {Wile E. Coyote},
title = {Road runners {I} have caught},
year = {2007},
volume = {1},
journal = {Journal of Applied Improbability},
pages = {1}
}

@article{Coyote2010,
author = {Wile E. Coyote},
title = {Road runners {I} have eaten},
year = {2010},
volume = {30},
journal = {Journal of Gastronomy},
pages = {101--202}
}

@article{Pussycat1989,
author = {Sylvester Pussycat},
title  = {Discussion of ``{T}he habits of canaries'' by
          {I}. {M}. {A}. {G}nu},
journal = {Journal of the Royal Ornithological Society},
volume  = {76},
year = {1989},
pages = {1001--1002}
}

@misc{ANZJS,
title = {{ANZJS} web page},
url = {http://onlinelibrary.wiley.com/journal/10.1111/%28ISSN%291467-842X},
key = {ANZJS},
year = {2015},
note = {Last accessed 03/09/2015.}
}

@article{Cook1966,
title = {I found a bit of coal},
author = {Peter Cook},
journal = {Journal of Rubbish},
year = {1966},
volume = {1},
pages = {67--76}
}

@article{Moore1967,
title = {I found another bit of coal},
author = {Dudley Moore},
journal = {Journal of Riffraff},
year = {1967},
volume = {2},
pages = {68--77}
}

@article{CookMoore1968,
title = {An even heavier bit of coal},
author = {Peter Cook and Dudley Moore},
journal = {The Minnow},
year = {1968},
volume = {3},
pages = {69--78}
}

@article{Madsen2006,
title = {Avoid \texttt{eqnarray}!},
author = {Lars Madsen},
journal = {The {\PracTeX} Journal {\textrm{no. 4,}}},
year = {2006},
url = {https://tug.org/pracjourn}
}

@misc{PussyRiot2014,
author = {{Pussy Riot}},
title = {{D}eath {T}o {P}rison, {F}reedom {T}o {P}rotest},
howpublished = {DVD recording},
note = {AZURE Studio, ASIN  B00IYLX5VI},
url = {amazon.com},
year = {2014}
}

@article{NurkEtAl1984,
author = {Fred Nurk and Melvin Mingdinkler and Hoo Hee},
title = {Artificial intelligence versus natural stupidity},
journal = {Journal of Serious Cybernetics},
year = {1984},
volume = {76},
pages = {2368--2863}
}

@article{TrumpEtal2021,
author = {D. Trump and M. Rubio and T. Cruz and J. Bush and J. Kasich
          and B. Carson},
title = {The {Mexican} border wall: {W}as this the wall to which those
         commie conspirators {P}ink {F}loyd referred?},
journal = {Post-modern Political Economy},
year = {2021},
volume = {57},
pages = {20--21}
}

@book{Simmons1972,
author = {George F. Simmons},
title = {Differential Equations with Applications and Historical Notes},
publisher = {McGraw-Hill},
address = {New York},
year = {1972}
}
