@book{PrudnikovEtal1986,
	author = {Prudnikov, A. P. and Brychkov, Y. A. and Marichev, O. I.},
	year = {1986},
	title = {Integrals and Series (Vols. 1â€“3)},
	publisher = {Gordon and Breach},
	location = {Amsterdam}
}
