% references.bib
@article{wand02,
	author = "Matt Wand",
	title = "Vector Differential Calculus in Statistics",
	year = "2002",
	journal = "The American Statistician",
	volume = "56",
	number = "1"
}

@article{ormerod10,
	author = "J. T. Ormerod and M. P. Wand",
	title = "Explaining Variational Approximatons",
	year = "2010",
	journal = "The American Statistician",
	volume = "64",
	number = "2"
}