@book{butler_2007, place={Cambridge}, series={Cambridge Series in Statistical and Probabilistic Mathematics}, title={Saddlepoint Approximations with Applications}, DOI={10.1017/CBO9780511619083}, publisher={Cambridge University Press}, author={Butler, Ronald W.}, year={2007}, collection={Cambridge Series in Statistical and Probabilistic Mathematics}}