@book{ruppert_wand_carroll_2003, place={Cambridge}, series={Cambridge Series in Statistical and Probabilistic Mathematics}, title={Semiparametric Regression}, DOI={10.1017/CBO9780511755453}, publisher={Cambridge University Press}, author={Ruppert, David and Wand, M. P. and Carroll, R. J.}, year={2003}, collection={Cambridge Series in Statistical and Probabilistic Mathematics}}