@Manual{Weisstein2009,
	author = {Weisstein, E. W.},
	year = {2009},
	title = {Appell Hypergeometric Function},
	url = {http://mathworld.wolfram.com/AppellHypergeometricFunction.html},
	OPTorganization = {MathWorldâ€“A Wolfram Web
	Resource}

}
