@Article{Young2010,
	title = {{tolerance}: An {R} Package for Estimating Tolerance Intervals},
	author = {Derek S. Young},
	journal = {Journal of Statistical Software},
	year = {2010},
	volume = {36},
	number = {5},
	pages = {1--39},
	url = {http://www.jstatsoft.org/v36/i05/},
}
