@Article{Zellner1980b,
	author="Zellner, A.
	and Siow, A.",
	title="Posterior odds ratios for selected regression hypotheses",
	journal="Trabajos de Estadistica Y de Investigacion Operativa",
	year="1980",
	volume="31",
	number="1",
	pages="585--603",
}
